
@article{b1,
  author = "Koppel, M. and Winter, Y",
   title = "A formula for the {E}uler characteristic of singular hypersurfaces",
 journal = "Journal of the Association for Information Science and Technology",
  volume = 65,
    year = 2014,
   pages = "178--187"
}

@article{b2,
  author = "Le, Q. and Mikolov, T.",
   title = "Distributed representations of sentences and documents",
 journal = "International Conference on Machine Learning",
    year = 2014,
   pages = "1188-1196"
}

@article{b3,
    author = "Shrestha, P., Sierra, S., Gonzalez, F., Montes, M., Rosso, P. and Solorio, T.",
    title = "Convolutional neural networks for authorship attribution of short texts",
    journal = "Proceedings of the 15th Conference of the European Chapter of the Association for Computational Linguistics",
    volume = 1,
    year = 2017,
    pages= "679--674"
}

@article{b4,
  author = "Mikolov, T., Sutskever, I., Chen, K., Corrado, G.S., and Dean, J.",
   title = "Distributed representations of words and phrases and their compositionality.",
 journal = "Advances in neural information systems",
    year = 2013,
   pages = "3111-3119"
}

